@String{actainf = {Acta Informatica}}

@Article{a99,
  author =	 {A. Andersson},
  title =	 {General Balanced Trees},
  journal =	 {Journal of Algorithms},
  year =	 1999,
  volume =	 30,
  number =	 1,
  pages =	 {1--18}
}

@Article{as96,
  author =	 {C. R. Aragon and R. Seidel},
  title =	 {Randomized Search Trees},
  journal =	 {Algorithmica},
  year =	 1996,
  volume =	 16,
  number =	 {4},
  pages =	 {464-497}
}

@Article{avl62,
  author =	 {G. M. Adel'son-Vel'skii and Y. M. Landis},
  title =	 {An algorithm for the organization of information},
  journal =	 {Soviet Mathematics. Doklady},
  year =	 1962,
  volume =	 3,
  pages =	 {1259--1263}
}

@Article{bap95,
  author =	 "Hans-Juergen Boehm and Russ Atkinson and Michael
                  F. Plass",
  title =	 "Ropes: An Alternative to Strings",
  journal =	 "Software---Prac\-tice and Experience",
  volume =	 "25",
  number =	 "12",
  pages =	 "1315--1330",
  year =	 "1995",
}

@Article{bgr96,
  author =	 "J. Basch and L. Guibas and G. D. Ramkumar",
  title =	 "Reporting Red-Blue Intersections Between Two Sets of
                  Connected Line Segments",
  journal =	 "Lecture Notes in Computer Science",
  volume =	 "1136",
  pages =	 "302--314",
  year =	 "1996",
}

@Article{bkmmm01a,
  author =	 {P. Bose and M. van Kreveld and A. Maheshwari and
                  P. Morin and J. Morrison},
  title =	 {Translating a regular grid over a point set},
  journal =	 {Computational Geometry: Theory and Applications},
  year =	 2001,
  note =	 {Special issue of selected papers from the \emph{The
                  17th European Workshop on Computational Geometry
                  (EuroCG~2001)}, 2001.}
}

@Article{bs79,
  author =	 {J. L. Bentley and J. B. Saxe},
  title =	 {Algorithms on Vector Sets},
  journal =	 {SIGACT News},
  year =	 1979,
  volume =	 11,
  number =	 9,
  pages =	 {36--39}
}

@Article{bs80,
  author =	 "J. L. Bentley and J. B. Saxe",
  title =	 "Decomposable Searching Problems {I}:
                  Static-to-Dynamic Transformations",
  journal =	 "Journal of Algorithms",
  volume =	 "1",
  number =	 "4",
  pages =	 "301--358",
  year =	 "1980",
}

@InProceedings{bs97,
  author =	 {J. L. Bentley and R. Sedgewick},
  title =	 {Fast Algorithms for Sorting and Searching Strings},
  booktitle =	 {Proceedings of the Eighth Annual ACM-SIAM Symposium
                  on Discrete Algorithms (SODA2000)},
  pages =	 {360-369},
  year =	 1997
}

@Article{bst89,
  author =	 "J. L. Bentley and D. D. K. Sleator and R. E. Tarjan",
  title =	 "Data Compaction",
  journal =	 "US Patent 4,796,003",
  month =	 jan,
  year =	 "1989",
}

@Article{bstw86,
  author =	 "J. L. Bentley and D. D. Sleator and R. E. Tarjan and
                  V. K. Wei",
  title =	 "A Locally Adaptive Data Compression Scheme",
  journal =	 "Communications of the ACM",
  volume =	 "29",
  number =	 "4",
  year =	 "1986",
}

@Article{c64,
  author =	 {H. H. Clampett Jr.},
  title =	 {Randomized Binary Searching with Tree Structures},
  journal =	 {Communications of the ACM},
  year =	 1964,
  volume =	 7,
  number =	 3,
  pages =	 {163--165}
}

@Article{c88,
  author =	 "R. Cole",
  title =	 "Parallel Merge Sort",
  journal =	 "SIAM Journal on Computing",
  volume =	 "17",
  number =	 "4",
  pages =	 "770--785",
  year =	 "1988",
}

@Article{cg86a,
  title =	 "Fractional Cascading: {I}. {A} Data Structuring
                  Technique",
  author =	 "B. Chazelle and L. J. Guibas",
  journal =	 "Algorithmica",
  pages =	 "133--162",
  year =	 "1986",
  volume =	 "1",
  number =	 "2",
}

@Article{cg86b,
  title =	 "Fractional Cascading: {II}. {Applications}",
  author =	 "B. Chazelle and L. J. Guibas",
  journal =	 "Algorithmica",
  pages =	 "163--191",
  year =	 "1986",
  volume =	 "1",
  number =	 "2",
}

@Book{clr90,
  author =	 {T. H. Cormen and C. E. Leiserson and R. L. Rivest},
  title =	 {Introduction to Algorithms},
  publisher =	 {MIT Press},
  year =	 1990,
  address =	 {Cambridge MA}
}

@InCollection{cs85,
  author =	 {M. T. Chen and J. Seiferas},
  editor =	 {A. Apostolico and Z. Galil},
  title =	 {Efficient and Elegant Subword Tree Construction},
  booktitle =	 {Combinatorial Algorithms on Words},
  chapter =	 12,
  publisher =	 {NATO},
  year =	 1985,
  series =	 {NATO ASI Series F: Computer and System Sciences},
  pages =	 {97--107}
}

@Unpublished{d01,
  author =	 {L. Devroye},
  title =	 {Probabilistic Analysis of Algorithms and Data
                  Structures (Lecture Notes)},
  note =	 {Manuscript},
  year =	 2001
}

@Article{d88,
  author =	 {L. Devroye},
  title =	 {Applications of the theory of records in the study
                  of random trees},
  journal =	 {Acta Informatica},
  year =	 1988,
  volume =	 26,
  pages =	 {123-130}
}

@Article{dsst89,
  title =	 "Making Data Structures Persistent",
  author =	 "J. R. Driscoll and N. Sarnak and D. D. Sleator and
                  R. E. Tarjan",
  pages =	 "86--124",
  journal =	 "Journal of Computer and System Sciences",
  year =	 "1989",
  month =	 feb,
  volume =	 "38",
  number =	 "1",
}

@Article{e75,
  author =	 "P. Elias",
  title =	 "Universal codeword sets and the representation of
                  the integers",
  journal =	 "IEEE Transactions on Information Theory",
  volume =	 "21",
  pages =	 "194--203",
  year =	 "1975",
}

@Article{egs86,
  author =	 "H. Edelsbrunner and L. J. Guibas and J. Stolfi",
  title =	 "Optimal point location in a monotone subdivision",
  journal =	 "SIAM Journal on Computing",
  volume =	 "15",
  number =	 "2",
  pages =	 "317--340",
  year =	 "1986",
}

@InProceedings{f97,
  author =	 "M. Farach",
  title =	 "Optimal suffix tree construction with large
                  alphabets",
  booktitle =	 "38th Annual Symposium on Foundations of Computer
                  Science (FOCS'97",
  year =	 "1997",
  pages =	 "137--143",
}

@InProceedings{g00,
  author =	 "M. T. Goodrich",
  title =	 "Competitive tree-structured dictionaries.",
  pages =	 "494--495",
  booktitle =	 "Proceedings of the Eleventh Annual {ACM}-{SIAM}
                  Symposium on Discrete Algorithms",
  publisher =	 "ACM Press",
  year =	 "2000"
}

@InProceedings{gr93,
  author =	 {I. Galperin and R. Rivest},
  title =	 {Scapegoat Trees},
  booktitle =	 {Proceedings of the 4th Annual ACM-SIAM Symposium on
                  Discrete Algorithms (SODA '93)},
  pages =	 {165--174},
  year =	 1993,
  publisher =	 {ACM Press}
}

@InProceedings{gs78,
  author =	 {L. J. Guibas and R. Sedgewick},
  title =	 {A dichromatic framework for balanced trees},
  booktitle =	 {Proceedings of the 19th Annual Symposium on
                  Foundations of Computer Science (FOCS'78)},
  pages =	 {8--21},
  year =	 1978
}

@InProceedings{i01,
  author =	 "J. Iacono",
  title =	 "Alternatives to Splay Trees with {$O(\log n)$}
                  Worst-case Access Times",
  pages =	 "516--522",
  booktitle =	 "Proceedings of the Twelfth Annual {ACM}-{SIAM}
                  Symposium on Discrete Algorithms ({SODA}-01)",
  year =	 "2001",
}

@Book{k73c,
  author =	 "Donald E. Knuth",
  title =	 "{The Art of Computer Programming. Volume {III}:
                  Sorting and Searching}",
  publisher =	 "Addison-Wesley",
  year =	 "1973",
}

@TechReport{km83,
  author =	 {T. Krijnen and L. G. L. T. Meertens},
  title =	 {Making {B}-Trees Work for {B}},
  institution =	 {The Mathematical Center},
  year =	 1983,
  number =	 {219/83},
  address =	 {Amsterdam}
}

@InProceedings{ko89,
  author =	 {M. J. van Kreveld and M. H. Overmars},
  title =	 {Concatenable Segment Trees (Extended Abstract)},
  booktitle =	 {Proceedings of the 6th Annual Symposium on
                  Theoretical Aspects of Computer Science},
  pages =	 {493--504},
  year =	 1989,
  volume =	 349,
  series =	 {LNCS},
  publisher =	 {Springer-Verlag}
}

@InProceedings{l78,
  author =	 "G. S. Lueker",
  title =	 "A Data Structure for Orthogonal Range Queries",
  pages =	 "28--34",
  booktitle =	 "19th Annual Symposium on Foundations of Computer
                  Science",
  year =	 "1978",
}

@InCollection{l83,
  author =	 {D. T. Lee},
  title =	 {Maximum Clique Problem of Rectangle Graphs},
  booktitle =	 {Advances in Computing Research},
  pages =	 {91--107},
  publisher =	 {JAI Press},
  year =	 1983,
  editor =	 {F. P. Preparata}
}

@InProceedings{lms02,
  author =	 {S. Langerman and P. Morin and M. Soss},
  title =	 {Computing the Maximum Detour and Spanning Ratio of
                  Planar Chains, Trees and Cycles},
  booktitle =	 {19th International Symposium on Theoretical Aspects
                  of Computer Science (STACS~2002)},
  pages =	 {250--261},
  year =	 2002
}

@Article{m68,
  author =	 "D. R. Morrison",
  title =	 "{PATRICIA} - practical algorithm to retrieve
                  information coded in alphanumeric.",
  journal =	 "Journal of the ACM",
  volume =	 "15",
  number =	 "4",
  pages =	 "514--534",
  month =	 oct,
  year =	 "1968",
}

@Article{m76,
  author =	 "E. M. McCreight",
  title =	 "A Space-Economical Suffix Tree Construction
                  Algorithm",
  journal =	 "Journal of the ACM",
  volume =	 "23",
  number =	 "2",
  pages =	 "262--272",
  year =	 "1976",
}

@Article{m79,
  author =	 {K. Mehlhorn},
  title =	 {Dynamic Binary Searching},
  journal =	 {SIAM Journal on Computing},
  year =	 1979,
  volume =	 8,
  number =	 2,
  pages =	 {175--198}
}

@TechReport{m82,
  author =	 {E. W. Myers},
  title =	 {{AVL} Dags},
  institution =	 {Department of Computer Science, University of
                  Arizona},
  year =	 1982,
  number =	 {82-9}
}

@InProceedings{m84,
  author =	 {E. W. Myers},
  title =	 {Efficient Applicative Data Structures},
  booktitle =	 {Conference Record eleventh Annual {ACM} Symposium on
                  Principles of Programming Languages},
  pages =	 {66--75},
  year =	 1984
}

@Article{mn90,
  title =	 "Dynamic Fractional Cascading",
  author =	 "K. Mehlhorn and S. N{\"a}her",
  journal =	 "Algorithmica",
  pages =	 "215--241",
  year =	 "1990",
  volume =	 "5",
}

@Article{rtd83,
  author =	 {T. Reps and T. Teitelbaum and A. Demers},
  title =	 {Incremental Context-Dependent Analysis for
                  Language-Based Editors},
  journal =	 {ACM Transactions on Programming Languages and
                  Systems},
  year =	 1983,
  volume =	 5,
  pages =	 {449--477}
}

@Article{s48,
  author =	 "C. E. Shannon",
  title =	 "A Mathematical Theory of Communication",
  journal =	 "Bell System Technical Journal",
  volume =	 "27",
  year =	 "1948",
  pages =	 "379--423, 623--656",
}

@TechReport{s85,
  author =	 {G. Swart},
  title =	 {Efficient Algorithms for Computing Geometric
                  Intersections},
  institution =	 {Department of Computer Science, University of
                  Washington},
  year =	 1985,
  number =	 {\#85-01-02},
  address =	 {Seattle}
}

@Book{s90,
  author =	 "Hanan Samet",
  title =	 "The Design and Analysis of Spatial Data Structures",
  publisher =	 "Addison-Wesley",
  address =	 "Reading, Massachusetts, U.S.A.",
  year =	 "1990",
  series =	 "Series in Computer Science",
  serieseditor = "Michael A. Harrison",
}

@Article{st85,
  author =	 {D. D. Sleator and R. E. Tarjan},
  title =	 {Self-Adjusting Binary Search Trees},
  journal =	 {Journal of the ACM},
  year =	 1985,
  volume =	 32,
  number =	 2,
  pages =	 {652--686}
}

@Article{st86,
  author =	 "N. Sarnak and R. E. Tarjan",
  title =	 "Planar point location using persistent search trees",
  journal =	 "Communications of the ACM",
  volume =	 "29",
  number =	 "7",
  pages =	 "669--679",
  month =	 jul,
  year =	 "1986",
}

@Article{v80,
  author =	 "J. Vuillemin",
  title =	 "A Unifying Look at Data Structures",
  journal =	 "Communications of the ACM",
  volume =	 "23",
  number =	 "4",
  pages =	 "229--239",
  month =	 apr,
  year =	 "1980",
}

@Article{v84,
  author =	 {V. K. Vaishnavi},
  title =	 {Multidimensional Height-Balanced Trees},
  journal =	 {IEEE Transactions on Computers},
  year =	 1984,
  volume =	 {C-33},
  number =	 4,
  pages =	 {334--343}
}

@InProceedings{w73,
  author =	 "P. Weiner",
  title =	 "Linear pattern matching algorithm",
  booktitle =	 "Proceedings of the 14th Annual IEEE Symposium on
                  Switching and Automata Theory",
  year =	 "1973",
  pages =	 "1--11",
  address =	 "Washington, DC",
}

@PhdThesis{w78,
  author =	 {D. E. Willard},
  title =	 {Predicate-Oriented Database Search Algorithms},
  school =	 {Harvard University},
  year =	 1978
}

@InProceedings{il02,
  author =	 {J. Iacono and S. Langerman},
  title =	 {Queaps},
  booktitle =	 {Proceedings of the 13th Annual International
                  Symposium on Algorithms and Computation},
  year =	 2002
}

@TechReport{veb74,
  author =	 {P. van Emde Boas},
  title =	 {An {$O(n\log n)$} on-line algorithm for the
                  insert-extract min problem},
  institution =	 {Department of Computer Science, Cornell University},
  year =	 1974,
  number =	 {TR-74-221},
  month =	 {December}
}

@Article{vkz77,
  author = 	 {P. van Emde Boas and R. Kaas and E. Zijlstra},
  title = 	 {Design and Implementation of an Efficient Priority Queue},
  journal = 	 {Mathematical Systems Theory},
  year = 	 1977,
  volume =	 10,
  pages =	 {99--127}
}

@InCollection{gm98,
  author =       "Gambin and Malinowski",
  title =        "Randomized Meldable Priority Queues",
  booktitle =    "Theory and Practice of Informatics, Seminar on Current
                 Trends in Theory and Practice of Informatics",
  series =       {LNCS},
  volume =       "25",
  year =         "1998",
}

@Book{k96,
  author =	 {D. E. Knuth},
  title = 	 {The Art of Computer Programming},
  publisher = 	 {Addison-Wesley},
  year = 	 1996,
  volume =	 {3: Sorting and Searching},
  address =	 {Reading, MA},
  edition =	 {2nd}
}

@Article{t75,
  author = 	 {R. E. Tarjan},
  title = 	 {Efficiency of a good but not linear set union algorithm},
  journal = 	 {Journal of the ACM},
  year = 	 1975,
  volume =	 22,
  number =	 2,
  pages =	 {215--225}
}

@Article{m75,
  author =       {K. Mehlhorn},
  title =        {Nearly optimal binary search trees},
  journal =      actainf,
  volume =       {5},
  pages =        {287--295},
  year =         {1975}
} 

